
@online{larousse_definitions_interop,
	year = {2017},
	title = {Définitions : interopérabilité - Dictionnaire de français Larousse},
	url = {http://www.larousse.fr/dictionnaires/francais/interop%C3%A9rabilit%C3%A9/43787},
	shorttitle = {Définitions},
	abstract = {interopérabilité - Définitions Français : Retrouvez la définition de interopérabilité... - Dictionnaire, définitions, section\_expression, conjugaison, synonymes, homonymes, difficultés, citations.},
	author = {Larousse},
	urldate = {2017-07-25},
}

@book{interopsante_guide_2015,
	location = {Paris},
	year = {2015},
	edition = {Association Interop'Santé},
	title = {Guide d'interopérabilité intro-hospitalier},
	publisher = {Association Interop'Santé},
	author = {{Interop'Santé}},
	date = {2015}
}

@report{drees_panoramas_2016,
	year = {2016},
	title = {Panoramas de la {DREES} santé, Les établissements de santé},
	pages = {186},
	author = {{DREES}},
	date = {2016}
}

@misc{valls_decret_2016,
	year = {2016},
	title = {Décret n° 2016-524 du 27 avril 2016 relatif aux groupements hospitaliers de territoire},
	url = {https://www.legifrance.gouv.fr/affichTexte.do?cidTexte=JORFTEXT000032465957&categorieLien=id},
	author = {Valls, Manuel and Touraine, Marisol},
	urldate = {2017-04-24},
	date = {2016-04-27}
}

@misc{touraine_marisol_2016,
	year = {2016},
	title = {Marisol {TOURAINE} officialise la création des 135 groupements hospitaliers de territoire},
	abstract = {135 groupements hospitaliers de territoire ({GHT}) sont constitués pour favoriser le travail en réseau des plus de 850 hôpitaux français en faveur de l’accès aux soins. « Cette réforme majeure pour l’hôpital est aujourd’hui une réalité » estime Marisol Touraine, ministre des Affaires sociales et de la Santé.},
	author = {{TOURAINE}, Marisol},
	date = {2016-07-05}
}


@online{perochon_e-sante:_2016,
	year = {2016},
	title = {e-{SANTÉ}: Maincare Solutions et Cegedim Logiciels Médicaux annoncent l’interopérabilité entre leurs plateformes –},
	url = {https://blog.santelog.com/2016/10/24/e-sante-maincare-solutions-et-cegedim-logiciels-medicaux-annoncent-linteroperabilite-entre-leurs-plateformes/},
	shorttitle = {e-{SANTÉ}},
	abstract = {Maincare Solutions / {IDO}-In et Cegedim Logiciels Médicaux annoncent l’interopérabilité entre leurs plateformes, permettant au programme {TSN}[1] Océan Indien ({OIIS})[2] de franchir un nouveau cap. Cette réalisation concrétise une coopération stratégique entre deux leaders industriels du secteur de la médecine de ville, des secteurs hospitaliers et des plateformes territoriales.},
	titleaddon = {Santé Blog},
	type = {blog},
	author = {Pérochon, P.},
	urldate = {2017-05-16},
	date = {2016-10-23}
}


